<record><leader>01447cam a2200349 a 4500</leader><controlfield tag="001">1388313</controlfield><controlfield tag="008">910710s1985    gw                0 ger c</controlfield><datafield ind1=" " ind2=" " tag="035"><subfield code="a">ocm13504896</subfield></datafield><datafield ind1=" " ind2=" " tag="040"><subfield code="b">eng</subfield></datafield><datafield ind1=" " ind2=" " tag="049"><subfield code="a">AEU</subfield><subfield code="b">eng</subfield></datafield><datafield ind1=" " ind2="4" tag="055"><subfield code="a">PT179.U34 1985</subfield></datafield><datafield ind1="0" ind2=" " tag="090"><subfield code="a">PF 3003 Z48 title.17</subfield></datafield><datafield ind1="0" ind2="0" tag="245"><subfield code="a">&#220;berlieferungs-, Editions- und Interpretationsfragen zur mittelhochdeutschen Lyrik.</subfield></datafield><datafield ind1=" " ind2=" " tag="260"><subfield code="a">M&#252;nchen :</subfield><subfield code="b">E. Schmidt,</subfield><subfield code="c">1985.</subfield></datafield><datafield ind1=" " ind2=" " tag="300"><subfield code="a">186 p. ;</subfield><subfield code="c">24 cm.</subfield></datafield><datafield ind1=" " ind2=" " tag="336"><subfield code="a">text</subfield><subfield code="b">txt</subfield><subfield code="2">rdacontent</subfield></datafield><datafield ind1=" " ind2=" " tag="337"><subfield code="a">unmediated</subfield><subfield code="b">n</subfield><subfield code="2">rdamedia</subfield></datafield><datafield ind1=" " ind2=" " tag="338"><subfield code="a">volume</subfield><subfield code="b">nc</subfield><subfield code="2">rdacarrier</subfield></datafield><datafield ind1=" " ind2=" " tag="500"><subfield code="a">Papers given at a Symposion for Hugo Moser's 75th birthday, 21.-22. 6. 1984 in Bonn.</subfield></datafield><datafield ind1=" " ind2=" " tag="500"><subfield code="a">Hrsg. von Werner Besch, Hugo Moser, Hartmut Steinecke, Benno von Wiese.</subfield></datafield><datafield ind1=" " ind2=" " tag="500"><subfield code="a">"Zeitschrift f&#252;r deutsche Philologie, 104. Band 1985, Sonderheft."</subfield></datafield><datafield ind1=" " ind2=" " tag="590"><subfield code="a">University of Alberta copy bound with Zeitschrift f&#252;r deutsche Philologie, 104. Bd.</subfield><subfield code="5">CaAEU</subfield></datafield><datafield ind1=" " ind2=" " tag="596"><subfield code="a">43</subfield></datafield><datafield ind1=" " ind2="0" tag="650"><subfield code="a">German poetry</subfield><subfield code="y">Middle High German, 1050-1500</subfield><subfield code="x">Criticism and interpretation.</subfield></datafield><datafield ind1=" " ind2="0" tag="650"><subfield code="a">Manuscripts, German</subfield><subfield code="x">Editing.</subfield></datafield><datafield ind1=" " ind2="0" tag="650"><subfield code="a">Lyric poetry.</subfield></datafield><datafield ind1="1" ind2=" " tag="700"><subfield code="a">Moser, Hugo,</subfield><subfield code="d">1909-1989.</subfield></datafield><datafield ind1="1" ind2=" " tag="700"><subfield code="a">Besch, Werner.</subfield></datafield><datafield ind1="1" ind2=" " tag="700"><subfield code="a">Steinecke, Hartmut.</subfield></datafield><datafield ind1="1" ind2=" " tag="700"><subfield code="a">Wiese, Benno von,</subfield><subfield code="d">1903-1987.</subfield></datafield><datafield ind1="0" ind2=" " tag="730"><subfield code="a">Zeitschrift f&#252;r deutsche Philologie.</subfield><subfield code="n">Bd. 104 (Special number)</subfield></datafield><datafield ind1=" " ind2=" " tag="926"><subfield code="a">PF 3003 Z48 title.17</subfield><subfield code="w">LC</subfield><subfield code="c">1</subfield><subfield code="i">000037117835</subfield><subfield code="l">ON_SHELF</subfield><subfield code="m">UAHSS</subfield><subfield code="p">$150.00</subfield><subfield code="r">Y</subfield><subfield code="s">Y</subfield><subfield code="t">BOOK</subfield><subfield code="u">7/17/1991</subfield></datafield></record>